%http://en.wikipedia.org/wiki/BibTeX --How to is all there

@phdthesis{phdthesisAshraf,
author = "I. Ashraf",
title = " Communication Driven Mapping of Applications on Multicore Platforms",
school = "Delft University of Technology",
address = "Delft, Netherlands",
month = 4,
year = 2016
}

@manual{handtuning,
author = "Elana Granston",
title = "Hand-Tuning Loops and Control Code on the
TMS320C6000",
month = 8,
year = 2006,
organization = "Texas Instruments"
}